@article{dominoAdder8,
author = { Maruyama, T. and Hamada, M. and Kuroda, T.},
title = {Comparative Performance Analysis of Dual-Rail Domino Logic and CMOS Logic Under Near Threshold Operation},
journal = {IEEE},
year = {2018}
}
@article{Rabaey,
author = {Rabaey, J.M. and Chandrakasan, A. and Nikolic, B.},
title = {Circuiti Integrati Digitali, L'ottica del progettista},
journal = {Pearson},
year = {2005}
}
@article{Krambeck,
author = {Krambeck, R.H. and Lee, C.M. and Law, H.S.},
title = {High-Speed Compact Circuits with CMOS},
journal = {IEEE},
year = {1982}
}
@article{Verma,
author = {Verma, S. and Angeline, A. and Bhaaskaran, K.},
title = {Multiphase Pipelining in DOMINO logic ALU},
journal = {IEEE},
year = {2017}
}
@article{Rasouli,
author = {Rasouli, S.H. and Koike, H. and Banerjee, K.},
title = {High-Speed Low-Power FinFET Based Domino Logic},
journal = {IEEE},
year = {2009}
}
@article{Nalamwar,
author = {Nalamwar, S.S. and Bhosale, S.A.},
title = {Design of Low Power Logic Gates by Using 32nm and 16nm FinFET Technology},
journal = {IEEE},
year = {2015}
}

@article{Wallace,
	author = {C. S. Wallace},
	title = {A suggestion for a fast multiplier},
	journal = {IEEE},
	year = {1964}
}